<?xml version="1.0" encoding="UTF-8"?><collection xmlns="http://www.loc.gov/MARC21/slim"><record><leader>00352nam--2200121-i-4500</leader><controlfield tag="001">000041658</controlfield><controlfield tag="002">20161230</controlfield><controlfield tag="005">20161230201043</controlfield><controlfield tag="008">060222s1000------------r-----000-0-eng-d</controlfield><datafield ind1=" " ind2=" " tag="100"><subfield code="a">Simon,Leslie</subfield></datafield><datafield ind1=" " ind2=" " tag="245"><subfield code="a">German research in world war ii. an analysis of the conduct of research</subfield></datafield><datafield ind1=" " ind2=" " tag="260"><subfield code="a">New York, John Wiley &amp; Sons Inc.,1948. Xi + 218 P</subfield></datafield><datafield ind1=" " ind2=" " tag="852"><subfield code="a">864</subfield></datafield></record></collection>